@INPROCEEDINGS{Kandemir2015-nw,
  title     = "The Deep {Feed-Forward} Gaussian Process: An Effective
               Generalization to Covariance Priors",
  booktitle = "Proceedings of The 1st International Workshop on Feature Extraction: Modern Questions and Challenges, {NIPS}",
  author    = "Kandemir, Melih and Hamprecht, Fred A",
  pages     = "145--159",
  year      =  2015,
}

@ARTICLE{Wilson2010-iu,
  title         = "Generalised Wishart Processes",
  author        = "Wilson, Andrew Gordon and Ghahramani, Zoubin",
  month         =  "31~" # dec,
  year          =  2010,
  keywords      = "DEC 2017",
  archivePrefix = "arXiv",
  eprint        = "1101.0240",
  primaryClass  = "stat.ME",
  arxivid       = "1101.0240"
}

@INPROCEEDINGS{Kersting2007-du,
  title     = "Most Likely Heteroscedastic Gaussian Process Regression",
  booktitle = "Proceedings of the 24th International Conference on Machine
               Learning",
  author    = "Kersting, Kristian and Plagemann, Christian and Pfaff, Patrick
               and Burgard, Wolfram",
  publisher = "ACM",
  pages     = "393--400",
  series    = "ICML '07",
  year      =  2007,
  address   = "New York, NY, USA",
  keywords  = "DEC 2017",
  isbn      = "9781595937933",
  doi       = "10.1145/1273496.1273546"
}

@inproceedings{Osband2016,
  title={Deep exploration via bootstrapped {DQN}},
  author={Osband, Ian and Blundell, Charles and Pritzel, Alexander and Van Roy, Benjamin},
  booktitle={Proc. Advances in Neural Inform. Process. Syst. ({NIPS})},
  pages={4026--4034},
  year={2016}
}

@ARTICLE{Jaderberg2015-kr,
  title         = "Spatial Transformer Networks",
  author        = "Jaderberg, Max and Simonyan, Karen and Zisserman, Andrew and
                   Kavukcuoglu, Koray",
  month         =  jun,
  year          =  2015,
  keywords      = "DEC 2017",
  archivePrefix = "arXiv",
  eprint        = "1506.02025",
  primaryClass  = "cs.CV",
  arxivid       = "1506.02025"
}

@INPROCEEDINGS{Li2016-jb,
  title     = "Utilizing high-dimensional features for real-time robotic
               applications: Reducing the curse of dimensionality for recursive
               Bayesian estimation",
  booktitle = "2016 {IEEE/RSJ} International Conference on Intelligent Robots
               and Systems ({IROS})",
  author    = "Li, J and Ozog, P and Abernethy, J and Eustice, R M and
               Johnson-Roberson, M",
  pages     = "1230--1237",
  month     =  oct,
  year      =  2016,
  keywords  = "Bayes methods;autonomous underwater vehicles;learning
               (artificial intelligence);robot vision;sonar
               imaging;CNN;convolutional neural networks;data
               perturbation;feature learning;filtering approaches;imaging
               sonar;machine learning;real-time robotic applications;recursive
               Bayesian estimation;underwater robot localization;Bayes
               methods;Estimation;Hidden Markov models;Real-time
               systems;Robots;Sonar;Uncertainty;DEC 2017",
  doi       = "10.1109/IROS.2016.7759205"
}

@ARTICLE{McClure2016-ai,
  title         = "Representation of uncertainty in deep neural networks
                   through sampling",
  author        = "McClure, Patrick and Kriegeskorte, Nikolaus",
  month         =  "5~" # nov,
  year          =  2016,
  keywords      = "DEC 2017",
  archivePrefix = "arXiv",
  eprint        = "1611.01639",
  primaryClass  = "cs.LG",
  arxivid       = "1611.01639"
}

@INPROCEEDINGS{Garg2016-ip,
  title={Unsupervised {CNN} for single view depth estimation: Geometry to the rescue},
  author={Garg, Ravi and Carneiro, Gustavo and Reid, Ian},
  booktitle={European Conf. on Comp. Vision},
  pages={740--756},
  year={2016},
  organization={Springer}
}
@ARTICLE{Costante2016-hb,
  title    = "Exploring Representation Learning With {CNNs} for
              {Frame-to-Frame} {Ego-Motion} Estimation",
  author   = "Costante, G and Mancini, M and Valigi, P and Ciarfuglia, T A",
  journal  = "IEEE Robotics and Automation Letters",
  volume   =  1,
  number   =  1,
  pages    = "18--25",
  year     =  2016,
  keywords = "Feature extraction;Motion estimation;Neural networks;Simultaneous
              localization and mapping;Visual Learning;Visual-Based
              Navigation;DEC 2017",
  issn     = "2377-3766",
  doi      = "10.1109/LRA.2015.2505717"
}

@ARTICLE{Handa2016-wr,
  title         = "gvnn: Neural Network Library for Geometric Computer Vision",
  author        = "Handa, Ankur and Bloesch, Michael and Patraucean, Viorica
                   and Stent, Simon and McCormac, John and Davison, Andrew",
  year          =  2016,
  keywords      = "DEC 2017",
  archivePrefix = "arXiv",
  eprint        = "1607.07405",
  primaryClass  = "cs.CV",
  arxivid       = "1607.07405"
}

@ARTICLE{Cadena2016-up,
  title         = "Past, Present, and Future of Simultaneous Localization And
                   Mapping: Towards the {Robust-Perception} Age",
  author        = "Cadena, Cesar and Carlone, Luca and Carrillo, Henry and
                   Latif, Yasir and Scaramuzza, Davide and Neira, Jose and
                   Reid, Ian and Leonard, John J",
  year          =  2016,
  keywords      = "DEC 2017",
  archivePrefix = "arXiv",
  eprint        = "1606.05830",
  primaryClass  = "cs.RO",
  arxivid       = "1606.05830"
}

@INPROCEEDINGS{Nilsson2012-ot,
  title     = "A note on the limitations of {ZUPTs} and the implications on
               sensor error modeling",
  booktitle = "2012 International Conference on Indoor Positioning and Indoor
               Navigation ({IPIN),13-15th} November 2012",
  author    = "Nilsson, John-Olof and Skog, Isaac and H{\"a}ndel, Peter",
  year      =  2012,
  keywords  = "DEC 2017",
  language  = "en"
}

@ARTICLE{Brock_undated-ta,
  title    = "Towards Combining Robotic Algorithms and Machine Learning:
              {End-To-End} Learnable Histogram Filters",
  author   = "Brock, Rico Jonschkowski Oliver",
  journal  = "robotics.tu-berlin.de",
  keywords = "Deep State Estimation;DEC 2017"
}

@ARTICLE{Ma2016-at,
  title         = "Find your Way by Observing the Sun and Other Semantic Cues",
  author        = "Ma, Wei-Chiu and Wang, Shenlong and Brubaker, Marcus A and
                   Fidler, Sanja and Urtasun, Raquel",
  year          =  2016,
  keywords      = "DEC 2017",
  archivePrefix = "arXiv",
  eprint        = "1606.07415",
  primaryClass  = "cs.CV",
  arxivid       = "1606.07415"
}

@ARTICLE{Alcantarilla2016-kv,
  title         = "Noise Models in Feature-based Stereo Visual Odometry",
  author        = "Alcantarilla, Pablo F and Woodford, Oliver J",
  year          =  2016,
  keywords      = "DEC 2017",
  archivePrefix = "arXiv",
  eprint        = "1607.00273",
  primaryClass  = "cs.RO",
  arxivid       = "1607.00273"
}

@inproceedings{Gal2015-bf,
Author = {Yarin Gal and Zoubin Ghahramani},
Title = {Bayesian Convolutional Neural Networks with {B}ernoulli Approximate Variational Inference},
Year = {2016},
booktitle = {Proc. Int. Conf. Learning Representations ({ICLR}), Workshop Track},
}

@INPROCEEDINGS{Hu2015-uw,
  title     = "Parametric covariance prediction for heteroscedastic noise",
  booktitle = "Proc. IEEE/RSJ Int. Conf. Intelligent Robots and Syst. ({IROS})",
  author    = "Hu, H and Kantor, G",
  pages     = "3052--3057",
  year      =  2015,
    doi       = "10.1109/IROS.2015.7353798"
}

@ARTICLE{Smith2005-wx,
  title    = "Covariance, subspace, and intrinsic {Cram{\'e}r-Rao} bounds",
  author   = "Smith, S T",
  journal  = "IEEE Trans. Signal Process.",
  volume   =  53,
  number   =  5,
  pages    = "1610--1630",
  month    =  may,
  year     =  2005,
    issn     = "1053-587X",
  doi      = "10.1109/TSP.2005.845428"
}

@INPROCEEDINGS{Vega-Brown2014-sb,
  title     = "Nonparametric {Bayesian} inference on multivariate exponential
               families",
  booktitle = "Proc. Advances in Neural Information Proc. Syst. ({NIPS}) 27",
  author    = "Vega-Brown, William R and Doniec, Marek and Roy, Nicholas G",
  pages     = "2546--2554",
  year      =  2014,
}

@ARTICLE{LeCun2015-qf,
  title       = "Deep learning",
  author      = "LeCun, Yann and Bengio, Yoshua and Hinton, Geoffrey",
    journal     = "Nature",
  volume      =  521,
  number      =  7553,
  pages       = "436--444",
  month       =  may,
  year        =  2015,
  language    = "en",
  issn        = "0028-0836, 1476-4687",
  pmid        = "26017442",
  doi         = "10.1038/nature14539"
}

@INPROCEEDINGS{Tsotsos2015,
  title     = "Robust inference for visual-inertial sensor fusion",
  booktitle = "Proc. {IEEE} Int. Conf. Robot. Automat. ({ICRA})",
  author    = "Tsotsos, K and Chiuso, A and Soatto, S",
  pages     = "5203--5210",
  month     =  may,
  year      =  2015,
  issn      = "1050-4729",
  doi       = "10.1109/ICRA.2015.7139924"
}

@INPROCEEDINGS{MacTavish2015-wt,
  title     = "At all Costs: A Comparison of Robust Cost Functions for Camera
               Correspondence Outliers",
  booktitle = "Proc. Conf. on Comp. and Robot Vision ({CRV})",
  author    = "MacTavish, K and Barfoot, T D",
  pages     = "62--69",
  month     =  jun,
  year      =  2015,
  doi       = "10.1109/CRV.2015.52"
}

@INPROCEEDINGS{Cvisic2015-mt,
  title     = "Stereo odometry based on careful feature selection and tracking",
  booktitle = "Proc. European Conf. on Mobile Robots ({ECMR)}",
  author    = "Cvi{\v s}i{\'c}, I and Petrovi{\'c}, I",
  pages     = "1--6",
  year      =  2015,
   doi       = "10.1109/ECMR.2015.7324219"
}

@ARTICLE{Leutenegger2015-fk,
  title    = "Keyframe-based visual--inertial odometry using nonlinear
              optimization",
  author   = "Leutenegger, Stefan and Lynen, Simon and Bosse, Michael and
              Siegwart, Roland and Furgale, Paul",
  journal  = "Int. J. Rob. Res.",
  volume   =  34,
  number   =  3,
  pages    = "314--334",
  month    =  mar,
  year     =  2015
}



@ARTICLE{Alismail2016-tf,
  title         = "Direct Visual Odometry using {Bit-Planes}",
  author        = "Alismail, Hatem and Browning, Brett and Lucey, Simon",
  month         = apr,
  year          =  2016,
  archivePrefix = "arXiv",
  primaryClass  = "cs.RO",
  eprint        = "1604.00990"
}


@ARTICLE{DeTone2016-ue,
  title         = "Deep Image Homography Estimation",
  author        = "DeTone, Daniel and Malisiewicz, Tomasz and Rabinovich,
                   Andrew",
  month         =  jun,
  year          =  2016,
  archivePrefix = "arXiv",
  eprint        = "1606.03798",
  primaryClass  = "cs.CV",
  arxivid       = "1606.03798"
}



@INPROCEEDINGS{Kendall2016-zf,
  title     = "Modelling uncertainty in deep learning for camera relocalization",
  booktitle = "Proc. {IEEE} Int. Conf. Robot. Automat. ({ICRA})",
  author    = "Kendall, A and Cipolla, R",
  pages     = "4762--4769",
  month     =  may,
  year      =  2016,
   doi       = "10.1109/ICRA.2016.7487679"
}


@INPROCEEDINGS{Sunderhauf2015-is,
  title={On the performance of {ConvNet} features for place recognition},
  author={S{\"u}nderhauf, Niko and Shirazi, Sareh and Dayoub, Feras and Upcroft, Ben and Milford, Michael},
  booktitle={Proc. IEEE/RSJ Int. Conf. Intelligent Robots and Syst. ({IROS})},
  pages={4297--4304},
  year={2015},
}



@ARTICLE{Skog2010-gp,
  title    = "Zero-velocity detection --- an algorithm evaluation",
  author   = "Skog, Isaac and H{\"a}ndel, Peter and Nilsson, John-Olof and
              Rantakokko, Jouni",
  journal  = "IEEE Trans. Biomed. Eng.",
  volume   =  57,
  number   =  11,
  month    =  nov,
  year     =  2010,
  language = "en",
  issn     = "0018-9294, 1558-2531",
  pmid     = "20667801",
  doi      = "10.1109/TBME.2010.2060723"
}

@INPROCEEDINGS{Peretroukhin2016-om,
  title     = "{PROBE-GK}: Predictive robust estimation using generalized
               kernels",
  booktitle = "Proc. {IEEE} Int. Conf. Robot. Automat. ({ICRA})",
  author    = "Peretroukhin, V and Vega-Brown, W and Roy, N and Kelly, J",
  pages     = "817--824",
  month     =  may,
  year      =  2016,
  doi       = "10.1109/ICRA.2016.7487212"
}

@INPROCEEDINGS{Punjani2015-pj,
  title     = "Deep learning helicopter dynamics models",
  booktitle = "Proc. {IEEE} Int. Conf. Robot. Automat. ({ICRA})",
  author    = "Punjani, A and Abbeel, P",
  pages     = "3223--3230",
  month     =  may,
  year      =  2015,
   issn      = "1050-4729",
  doi       = "10.1109/ICRA.2015.7139643"
}


@INPROCEEDINGS{Solin2015-ms,
  title     = "State Space Methods for Efficient Inference in Student-t
               Process Regression",
  booktitle = "Proceedings of the Eighteenth International Conference on
               Artificial Intelligence and Statistics",
  author    = "Solin, Arno and S{\"a}rkk{\"a}, Simo",
  pages     = "885--893",
  year      =  2015
}



@INPROCEEDINGS{Agarwal2013-jq,
  title     = "Robust map optimization using dynamic covariance scaling",
  booktitle = "Proc. {IEEE} Int. Conf. Robot. Automat. ({ICRA})",
  author    = "Agarwal, P and Tipaldi, G D and Spinello, L and Stachniss, C and
               Burgard, W",
  pages     = "62--69",
  month     =  may,
  year      =  2013,
  doi       = "10.1109/ICRA.2013.6630557"
}

@ARTICLE{Lambert2012-sn,
  title     = "Field testing of visual odometry aided by a sun sensor and
               inclinometer",
  author    = "Lambert, Andrew and Furgale, Paul and Barfoot, Timothy D and
               Enright, John",
 journal   = "J. Field Robot.",
  volume    =  29,
  number    =  3,
  pages     = "426--444",
  month     =  "1~" # may,
  year      =  2012
}


@article{Maddern_2016-uv,
  title={1 year, 1000 km: The {Oxford RobotCar} dataset.},
  author={Maddern, Will and Pascoe, Geoffrey and Linegar, Chris and Newman, Paul},
  journal={Int. J. Rob. Res.},
  volume={36},
  number={1},
  pages={3--15},
  year={2017}
}


@ARTICLE{Furgale2012-vq,
  title     = "The {Devon Island} rover navigation dataset",
  author    = "Furgale, Paul and Carle, Pat and Enright, John and Barfoot,
               Timothy D",
  journal   = "Int. J. Rob. Res.",
  publisher = "SAGE PublicationsSage UK: London, England",
  month     =  apr,
  year      =  2012,
  issn      = "0278-3649",
  doi       = "10.1177/0278364911433135"
}


% Added from DPC-Net
% Generated by Paperpile. Check out http://paperpile.com for more information.
% BibTeX export options can be customized via Settings -> BibTeX.

@ARTICLE{Geiger2013-ky,
  title    = "Vision meets robotics: The {KITTI} dataset",
  author   = "Geiger, A and Lenz, P and Stiller, C and Urtasun, R",
  journal  = "Int. J. Rob. Res.",
  volume   =  32,
  number   =  11,
  pages    = "1231--1237",
  month    =  "1~" # sep,
  year     =  2013,
  keywords = "Datasets;ISER 2016 Sun VO;DEC 3;ICRA 2018 Warp Correction;ICRA
              2016 Sun VO"
}

@INPROCEEDINGS{Haarnoja2016-ph,
  title     = "Backprop {KF}: Learning Discriminative Deterministic State
               Estimators",
  booktitle = "Proc. Advances in Neural Inform. Process. Syst. ({NIPS})",
  author    = "Haarnoja, Tuomas and Ajay, Anurag and Levine, Sergey and Abbeel,
               Pieter",
  year      =  2016,
}


@INPROCEEDINGS{Kendall2015-ew,
  title     = "{PoseNet}: A Convolutional Network for {Real-Time} {6-DOF}
               Camera Relocalization",
  booktitle = "2015 {IEEE} International Conference on Computer Vision ({ICCV})",
  author    = "Kendall, A and Grimes, M and Cipolla, R",
  pages     = "2938--2946",
  month     =  dec,
  year      =  2015,
  doi       = "10.1109/ICCV.2015.336"
}


@ARTICLE{Cadena2016-ds,
  title    = "Past, Present, and Future of Simultaneous Localization and
              Mapping: Toward the {Robust-Perception} Age",
  author   = "Cadena, C and Carlone, L and Carrillo, H and Latif, Y and
              Scaramuzza, D and Neira, J and Reid, I and Leonard, J J",
  journal  = "IEEE Trans. Rob.",
  volume   =  32,
  number   =  6,
  pages    = "1309--1332",
  month    =  dec,
  year     =  2016,
}


@INPROCEEDINGS{Flynn2016-fw,
  title     = "{DeepStereo}: Learning to Predict New Views from the World's
               Imagery",
  booktitle = "Proc. {IEEE} Int. Conf. Comp. Vision and Pattern Recognition ({CVPR})",
  author    = "Flynn, John and Neulander, Ivan and Philbin, James and Snavely,
               Noah",
  year      =  2016,
}
@ARTICLE{Gomez-Ojeda2017-ai,
  title         = "Learning-based Image Enhancement for Visual Odometry in
                   Challenging {HDR} Environments",
  author        = "Gomez-Ojeda, Ruben and Zhang, Zichao and Gonzalez-Jimenez,
                   Javier and Scaramuzza, Davide",
  month         =  "5~" # jul,
  year          =  2017,
  archivePrefix = "arXiv",
  primaryClass  = "cs.CV",
  eprint        = "1707.01274"
}


@INPROCEEDINGS{Handa2016-hm,
  title      = "{gvnn}: Neural Network Library for Geometric Computer Vision",
  booktitle  = "Computer Vision -- {ECCV} 2016 Workshops",
  author     = "Handa, Ankur and Bloesch, Michael and P{\u a}tr{\u a}ucean,
                Viorica and Stent, Simon and McCormac, John and Davison, Andrew",
  publisher  = "Springer, Cham",
  pages      = "67--82",
  month      =  "8~" # oct,
  year       =  2016,
  conference = "European Conf. on Computer Vision (ECCV)",
}

@inproceedings{yang2016exploit,
  title={Exploit all the layers: Fast and accurate cnn object detector with scale dependent pooling and cascaded rejection classifiers},
  author={Yang, Fan and Choi, Wongun and Lin, Yuanqing},
  booktitle={Proc. {IEEE} Int. Conf. Comp. Vision and Pattern Recognition ({CVPR})},
  pages={2129--2137},
  year={2016}
}

@INPROCEEDINGS{Sturm2012-tr,
  title     = "A benchmark for the evaluation of {RGB-D} {SLAM} systems",
  booktitle = "Proc. IEEE/RSJ Int. Conf. Intelligent Robots and Syst. ({IROS})",
  author    = "Sturm, J and Engelhard, N and Endres, F and Burgard, W and
               Cremers, D",
  pages     = "573--580",
  month     =  oct,
  year      =  2012,
}


@ARTICLE{Oliveira2017-lt,
  title         = "Topometric Localization with Deep Learning",
  author        = "Oliveira, Gabriel L and Radwan, Noha and Burgard, Wolfram
                   and Brox, Thomas",
  month         =  "27~" # jun,
  year          =  2017,
  journal={arXiv preprint arXiv:1706.08775},
  archivePrefix = "arXiv",
  eprint        = "1706.08775",
  primaryClass  = "cs.CV",
  arxivid       = "1706.08775"
}

@INPROCEEDINGS{Melekhov2017-dl,
  title={Relative camera pose estimation using convolutional neural networks},
  author={Melekhov, Iaroslav and Ylioinas, Juha and Kannala, Juho and Rahtu, Esa},
  booktitle={Proc. Int. Conf. on Advanced Concepts for Intel. Vision Syst.},
  pages={675--687},
  year={2017},
  organization={Springer}
}


@INPROCEEDINGS{Byravan2017-ik,
  title     = "{SE3-nets}: Learning rigid body motion using deep neural
               networks",
  booktitle = "Proc. {IEEE} Int. Conf. Robot. Automat. ({ICRA})",
  author    = "Byravan, A and Fox, D",
  pages     = "173--180",
  month     =  may,
  year      =  2017,
}

@ARTICLE{Barfoot2014-ac,
  title    = "Associating Uncertainty With Three-Dimensional Poses for Use in
              Estimation Problems",
  author   = "Barfoot, T D and Furgale, P T",
  journal  = "IEEE Trans. Rob.",
  volume   =  30,
  number   =  3,
  pages    = "679--693",
  month    =  jun,
  year     =  2014,
  issn     = "1552-3098",
}

@INPROCEEDINGS{Newcombe2011-ft,
  title           = "{DTAM}: Dense tracking and mapping in real-time",
  booktitle       = "Proc. IEEE Int. Conf. Comput. Vision ({ICCV})",
  author          = "Newcombe, Richard A and Lovegrove, Steven J and Davison,
                     Andrew J",
  publisher       = "IEEE",
  pages           = "2320--2327",
  year            =  2011,
}

@BOOK{Barfoot2017-ri,
  title     = "State Estimation for Robotics",
  author    = "Barfoot, Timothy D",
  publisher = "Cambridge University Press",
  month     =  jul,
  year      =  2017
}


@ARTICLE{Paton2017-fi,
  title   = "Expanding the Limits of Vision-based Localization for Long-term
             Route-following Autonomy",
  author  = "Paton, Michael and Pomerleau, Fran{\c c}ois and MacTavish, Kirk
             and Ostafew, Chris J and Barfoot, Timothy D",
  journal = "J. Field Robotics",
  volume  =  34,
  number  =  1,
  pages   = "98--122",
  month   =  "1~" # jan,
  year    =  2017
}


@ARTICLE{Levine2016-bj,
  title     = "End-to-end training of deep visuomotor policies",
  author    = "Levine, S and Finn, C and Darrell, T and Abbeel, P",
  journal   = "J. Mach. Learn. Res.",
  year      =  2016,
}


@INPROCEEDINGS{Duan2016-jw,
  title     = "Benchmarking Deep Reinforcement Learning for Continuous Control",
  booktitle = "Proc. Int. Conf. on Machine Learning",
  author    = "Duan, Yan and Chen, Xi and Houthooft, Rein and Schulman, John
               and Abbeel, Pieter",
  pages     = "1329--1338",
  series    = "ICML'16",
  year      =  2016,
}


@INPROCEEDINGS{Sunderhauf2015-oc,
  title           = "Place recognition with {ConvNet} landmarks:
                     Viewpoint-robust, condition-robust, training-free",
  booktitle       = "Proc. Robotics: Science and Systems {XII}",
  author          = "Sunderhauf, Niko and Shirazi, Sareh and Jacobson, Adam and
                     Dayoub, Feras and Pepperell, Edward and Upcroft, Ben and
                     Milford, Michael",
  month           =  jul,
  year            =  2015,
  keywords        = "robotics; place recognition; convolutional networks",
}


@INPROCEEDINGS{2017_Li_Deep, 
author={Q. Li and J. Qian and Z. Zhu and X. Bao and M. K. Helwa and A. P. Schoellig}, 
booktitle={Proc. {IEEE} Int. Conf. Robot. Automat. ({ICRA})}, 
title={Deep neural networks for improved, impromptu trajectory tracking of quadrotors}, 
year={2017}, 
pages={5183-5189}, 
month={May}
}


@INPROCEEDINGS{Omari2015-yx,
  title     = "Dense visual-inertial navigation system for mobile robots",
  booktitle = "Proc. {IEEE} Int. Conf. Robot. Automat. ({ICRA})",
  author    = "Omari, S and Bloesch, M and Gohl, P and Siegwart, R",
  pages     = "2634--2640",
  month     =  may,
  year      =  2015,
  issn      = "1050-4729",
}

@ARTICLE{Scaramuzza2011-qr,
  title     = "Visual Odometry [Tutorial]",
  author    = "Scaramuzza, D and Fraundorfer, F",
  journal   = "IEEE Robot. Autom. Mag.",
  volume    =  18,
  number    =  4,
  pages     = "80--92",
  month     =  dec,
  year      =  2011,
}

@INPROCEEDINGS{Peretroukhin2014-db,
  title     = "Optimizing Camera Perspective for Stereo Visual Odometry",
  booktitle = "Canadian Conference on Comp. and Robot Vision",
  author    = "Peretroukhin, V and Kelly, J and Barfoot, T D",
  pages     = "1--7",
  month     =  may,
  year      =  2014,
}



@ARTICLE{Kendall2017-vs,
  title         = "What Uncertainties Do We Need in Bayesian Deep Learning for
                   Computer Vision?",
  author        = "Kendall, Alex and Gal, Yarin",
  month         =  "15~" # mar,
  year          =  2017,
  archivePrefix = "arXiv",
  eprint        = "1703.04977",
  primaryClass  = "cs.CV",
  arxivid       = "1703.04977"
}

%========Uncertainty

@ARTICLE{Lee2015-af,
  title         = "Why {M} Heads are Better than One: Training a Diverse
                   Ensemble of Deep Networks",
  author        = "Lee, Stefan and Purushwalkam, Senthil and Cogswell, Michael
                   and Crandall, David and Batra, Dhruv",
  month         =  nov,
  year          =  2015,
  archivePrefix = "arXiv",
  eprint        = "1511.06314",
  primaryClass  = "cs.CV",
  arxivid       = "1511.06314"
}

@inproceedings{Lakshminarayanan2016-zh,
    title={Simple and scalable predictive uncertainty estimation using deep ensembles},
  author={Lakshminarayanan, Balaji and Pritzel, Alexander and Blundell, Charles},
  booktitle={Proc. Advances in Neural Inform. Process. Syst. ({NIPS})},
  pages={6405--6416},
  year={2017}
}

@inproceedings{Osband_undated-wl,
  title  = "Risk versus Uncertainty in Deep Learning: Bayes, Bootstrap and the
            Dangers of Dropout",
  booktitle = "Proc. of Workshop on ``{Bayesian Deep Learning}'', {Advances in Neural Inform. Process. Syst. ({NIPS})}",
  year= 2017,
  author = "Osband, Ian"
}

@inproceedings{Wilson2016-vy,
  title={Stochastic Variational Deep Kernel Learning},
  author={Wilson, Andrew G and Hu, Zhiting and Salakhutdinov, Ruslan R and Xing, Eric P},
  booktitle={Advances in Neural Information Processing Systems},
  pages={2586--2594},
  year={2016}
}


@inproceedings{2017_Wagstaff_Improving,
  address = {Sapporo, Japan},
  author = {Brandon Wagstaff and Valentin Peretroukhin and Jonathan Kelly},
  booktitle = {Proc. Int. Conf. on Indoor Positioning and Indoor Navigation {(IPIN'17)}},
  date = {2017-09-18/2017-09-21},
  month = {Sep. 18--21},
  title = {Improving Foot-Mounted Inertial Navigation Through Real-Time Motion Classification},
  video1 = {https://www.youtube.com/watch?v=Jiqj6j9E8dI},
  year = {2017}
}


@article{Grewal2010-ts,
  title    = "Applications of Kalman Filtering in Aerospace 1960 to the Present
              [Historical Perspectives]",
  author   = "Grewal, M S and Andrews, A P",
  journal  = "IEEE Control Syst. Mag.",
  volume   =  30,
  number   =  3,
  pages    = "69--78",
  month    =  jun,
  year     =  2010,
  issn     = "1066-033X",
  doi      = "10.1109/MCS.2010.936465"
}



@TECHREPORT{Nilsson1984-oc,
  title       = "Shakey the robot",
  author      = "Nilsson, Nils J",
  institution = "SRI International",
  url = https://www.sri.com/sites/default/files/uploads/publications/pdf/629.pdf,
  year        =  1984
}


@ARTICLE{Thrun2006-hb,
  title     = "Stanley: The robot that won the {DARPA} Grand Challenge",
  author    = "Thrun, Sebastian and Montemerlo, Mike and Dahlkamp, Hendrik and
               Stavens, David and Aron, Andrei and Diebel, James and Fong,
               Philip and Gale, John and Halpenny, Morgan and Hoffmann, Gabriel
               and Lau, Kenny and Oakley, Celia and Palatucci, Mark and Pratt,
               Vaughan and Stang, Pascal and Strohband, Sven and Dupont, Cedric
               and Jendrossek, Lars-Erik and Koelen, Christian and Markey,
               Charles and Rummel, Carlo and van Niekerk, Joe and Jensen, Eric
               and Alessandrini, Philippe and Bradski, Gary and Davies, Bob and
               Ettinger, Scott and Kaehler, Adrian and Nefian, Ara and Mahoney,
               Pamela",
  journal   = "J. Field Robotics",
  publisher = "Wiley Online Library",
  volume    =  23,
  number    =  9,
  pages     = "661--692",
  series    = "Proceedings o",
  month     =  sep,
  year      =  2006,
  issn      = "1556-4959, 1556-4967",
  doi       = "10.1002/rob.20147"
}


@ARTICLE{Redfield2019-pi,
  title     = "A definition for robotics as an academic discipline",
  author    = "Redfield, Signe",
  journal   = "Nature Machine Intelligence",
  publisher = "Nature Publishing Group",
  volume    =  1,
  number    =  6,
  pages     = "263--264",
  month     =  may,
  year      =  2019,
  language  = "en",
  issn      = "2522-5839, 2522-5839",
  doi       = "10.1038/s42256-019-0064-x"
}


@ARTICLE{Zhou2019-se,
  title         = "Does computer vision matter for action?",
  author        = "Zhou, Brady and Kr{\"a}henb{\"u}hl, Philipp and Koltun,
                   Vladlen",
  month         =  may,
  year          =  2019,
  archivePrefix = "arXiv",
  eprint        = "1905.12887",
  primaryClass  = "cs.CV",
  arxivid       = "1905.12887",
  doi           = "10.1126/scirobotics.aaw6661"
}


@ARTICLE{Altmann1989-ru,
  title     = "Hamilton, Rodrigues, and the Quaternion Scandal",
  author    = "Altmann, Simon L",
  journal   = "Math. Mag.",
  publisher = "Mathematical Association of America",
  volume    =  62,
  number    =  5,
  pages     = "291--308",
  year      =  1989,
  issn      = "0025-570X, 1930-0980",
  doi       = "10.2307/2689481"
}


@phdthesis{furgale_phd11,
	author = {Paul Furgale},
	institution = {University of Toronto},
	Title = {Extensions to the Visual Odometry Pipeline for the Exploration of Planetary Surfaces},
	Year = {2011},
}

@phdthesis{kelly_phd2011,
  address = {Los Angeles, California, USA},
  author = {Jonathan Kelly},
  institution = {University of Southern California},
  month = {December},
  school = {University of Southern California},
  title = {On Temporal and Spatial Calibration for High Accuracy Visual-Inertial Motion Estimation},
  year = {2011}
}


@ARTICLE{Sola2018-kg,
  title         = "A micro Lie theory for state estimation in robotics",
  author        = "Sol{\`a}, Joan and Deray, Jeremie and Atchuthan, Dinesh",
  month         =  dec,
  year          =  2018,
  archivePrefix = "arXiv",
  eprint        = "1812.01537",
  primaryClass  = "cs.RO",
  arxivid       = "1812.01537"
}
@article{Sola2017quaternion,
  title={Quaternion kinematics for the error-state Kalman filter},
  author={Sola, Joan},
  journal={arXiv preprint arXiv:1711.02508},
  year={2017}
}

@BOOK{MayorGodsRobots2019,
  TITLE = {Gods and Robots},
  SUBTITLE = {Myths, Machines, and Ancient Dreams of Technology},
  AUTHOR = {Mayor, Adrienne},
  YEAR = {2019}, 
  PUBLISHER = {Princeton University Press},
}


@inproceedings{Lucas:1981,
 author = {Lucas, Bruce D. and Kanade, Takeo},
 title = {An Iterative Image Registration Technique with an Application to Stereo Vision},
 booktitle = {Proceedings of the 7th International Joint Conference on Artificial Intelligence - Volume 2},
 series = {IJCAI'81},
 year = {1981},
 location = {Vancouver, BC, Canada},
 pages = {674--679},
 numpages = {6},
 url = {http://dl.acm.org/citation.cfm?id=1623264.1623280},
 acmid = {1623280},
 publisher = {Morgan Kaufmann Publishers Inc.},
 address = {San Francisco, CA, USA},
}

@article{geman1992nonlinear,
  title={A nonlinear filter for film restoration and other problems in image processing},
  author={Geman, Stuart and McClure, Donald E and Geman, Donald},
  journal={CVGIP: Graphical models and image processing},
  volume={54},
  number={4},
  pages={281--289},
  year={1992},
  publisher={Elsevier}
}


@article{huber1964robust,
  title={Robust Estimation of a Location Parameter},
  author={Huber, Peter J},
  journal={The Annals of Mathematical Statistics},
  pages={73--101},
  year={1964},
  publisher={JSTOR}
}

@phdthesis{florez2010,
  title={Contributions by vision systems to multi-sensor object localization and tracking for intelligent vehicles},
  author={Florez, Sergio Alberto Rodriguez},
  year={2010}
}


@ARTICLE{Rosen2019-kk,
  title     = "{SE-Sync}: A certifiably correct algorithm for synchronization
               over the special Euclidean group",
  author    = "Rosen, David M and Carlone, Luca and Bandeira, Afonso S and
               Leonard, John J",
  journal   = "Int. J. Rob. Res.",
  publisher = "SAGE Publications Ltd STM",
  volume    =  38,
  number    = "2-3",
  pages     = "95--125",
  month     =  mar,
  year      =  2019,
  issn      = "0278-3649",
  doi       = "10.1177/0278364918784361"
}
@article{Clement2018-cat,
  title={How to train a {CAT}: learning canonical appearance transformations for direct visual localization under illumination change},
  author={Clement, Lee and Kelly, Jonathan},
  journal={IEEE Robotics and Automation Letters},
  volume={3},
  number={3},
  pages={2447--2454},
  year={2018},
  publisher={IEEE}
}

@INPROCEEDINGS{Sibley2007,
  title     = "Bias Reduction and Filter Convergence for Long Range Stereo",
  booktitle = "Robotics Research",
  author    = "Sibley, Gabe and Matthies, Larry and Sukhatme, Gaurav",
  publisher = "Springer Berlin Heidelberg",
  pages     = "285--294",
  year      =  2007,
  doi       = "10.1007/978-3-540-48113-3\_26"
}
@article{Holland1977,
author = { Paul W.   Holland  and  Roy E.   Welsch },
title = {Robust regression using iteratively reweighted least-squares},
journal = {Communications in Statistics - Theory and Methods},
volume = {6},
number = {9},
pages = {813-827},
year  = {1977},
publisher = {Taylor & Francis},
doi = {10.1080/03610927708827533},
URL = { 
        https://doi.org/10.1080/03610927708827533
},
eprint = { 
        https://doi.org/10.1080/03610927708827533
    
}

}
@book{Goodfellow-et-al-2016,
    title={Deep Learning},
    author={Ian Goodfellow and Yoshua Bengio and Aaron Courville},
    publisher={MIT Press},
    note={\url{http://www.deeplearningbook.org}},
    year={2016}
}


@incollection{triggs_bundle_2000,
	address = {Berlin, Heidelberg},
	title = {Bundle {Adjustment} — {A} {Modern} {Synthesis}},
	volume = {1883},
	isbn = {978-3-540-67973-8 978-3-540-44480-0},
	url = {http://link.springer.com/10.1007/3-540-44480-7_21},
	abstract = {This paper is a survey of the theory and methods of photogrammetric bundle adjustment, aimed at potential implementors in the computer vision community. Bundle adjustment is the problem of reﬁning a visual reconstruction to produce jointly optimal structure and viewing parameter estimates. Topics covered include: the choice of cost function and robustness; numerical optimization including sparse Newton methods, linearly convergent approximations, updating and recursive methods; gauge (datum) invariance; and quality control. The theory is developed for general robust cost functions rather than restricting attention to traditional nonlinear least squares.},
	language = {en},
	urldate = {2019-10-19},
	booktitle = {Vision {Algorithms}: {Theory} and {Practice}},
	publisher = {Springer Berlin Heidelberg},
	author = {Triggs, Bill and McLauchlan, Philip F. and Hartley, Richard I. and Fitzgibbon, Andrew W.},
	editor = {Goos, Gerhard and Hartmanis, Juris and van Leeuwen, Jan and Triggs, Bill and Zisserman, Andrew and Szeliski, Richard},
	year = {2000},
	doi = {10.1007/3-540-44480-7_21},
	pages = {298--372},
	file = {Triggs et al. - 2000 - Bundle Adjustment — A Modern Synthesis.pdf:/Users/valentinp/Zotero/storage/5CZTXBMP/Triggs et al. - 2000 - Bundle Adjustment — A Modern Synthesis.pdf:application/pdf}
}

