@INPROCEEDINGS{Clark2017,
author = {Ronald Clark and Sen Wang and Hongkai Wen and Andrew Markham and Niki Trigoni},
	title = {VINet: Visual-Inertial Odometry as a Sequence-to-Sequence Learning Problem},
	conference = {AAAI Conference on Artificial Intelligence},
	year = {2017},
	url = {https://aaai.org/ocs/index.php/AAAI/AAAI17/paper/view/14462/14272}
}
@INPROCEEDINGS{Kendall2017-ud,
  title     = "Geometric Loss Functions for Camera Pose Regression with Deep Learning",
  booktitle = "2017 {IEEE} Conference on Computer Vision and Pattern Recognition ({CVPR})",
  author    = "Kendall, A and Cipolla, R",
  pages     = "6555--6564",
  month     =  jul,
  year      =  2017,
  issn      = "1063-6919",
  doi       = "10.1109/CVPR.2017.694"
}

@conference{yang:2018,
	title = {Deep Virtual Stereo Odometry: Leveraging Deep Depth Prediction for Monocular Direct Sparse Odometry},
	author = {Yang, N. and Wang, R. and Stueckler, J. and Cremers, D.},
	booktitle = {European Conference on Computer Vision (ECCV)},
	month = sep,
	year = {2018},
	note = {accepted as oral presentation, arXiv 1807.02570},
	url = {https://arxiv.org/abs/1807.02570},
	month_numeric = {9}
}

@ARTICLE{Hartley2013-rc,
  title   = "Rotation Averaging",
  author  = "Hartley, Richard and Trumpf, Jochen and Dai, Yuchao and Li,
             Hongdong",
  journal = "Int. J. Comput. Vis.",
  volume  =  103,
  number  =  3,
  pages   = "267--305",
  month   =  jul,
  year    =  2013,
  issn    = "0920-5691, 1573-1405",
  doi     = "10.1007/s11263-012-0601-0"
}

@incollection{Lakshminarayanan2017,
	title = {Simple and Scalable Predictive Uncertainty Estimation using Deep Ensembles},
	author = {Lakshminarayanan, Balaji and Pritzel, Alexander and Blundell, Charles},
	booktitle = {Advances in Neural Information Processing Systems 30},
	editor = {I. Guyon and U. V. Luxburg and S. Bengio and H. Wallach and R. Fergus and S. Vishwanathan and R. Garnett},
	pages = {6402--6413},
	year = {2017},
	publisher = {Curran Associates, Inc.},
	url = {http://papers.nips.cc/paper/7219-simple-and-scalable-predictive-uncertainty-estimation-using-deep-ensembles.pdf}
}
@INPROCEEDINGS{Carlone2015-ud,
  title     = "Initialization techniques for {3D} {SLAM}: A survey on rotation
               estimation and its use in pose graph optimization",
  booktitle = "2015 {IEEE} International Conference on Robotics and Automation
               ({ICRA})",
  author    = "Carlone, L and Tron, R and Daniilidis, K and Dellaert, F",
  pages     = "4597--4604",
  month     =  may,
  year      =  2015,
  keywords  = "SLAM (robots);convex programming;graph theory;least squares
               approximations;robot vision;3D SLAM;computer vision;control
               theory;initialization techniques;linear least-squares
               problem;nonconvex optimization;pose graph
               optimization;robotics;rotation estimation;simultaneous
               localization and
               mapping;Convergence;Estimation;Optimization;Quaternions;Simultaneous
               localization and mapping;Three-dimensional displays",
  issn      = "1050-4729",
  doi       = "10.1109/ICRA.2015.7139836"
}

@INPROCEEDINGS{Carlone2015-aq,
  title     = "Lagrangian duality in {3D} {SLAM}: Verification techniques and
               optimal solutions",
  booktitle = "2015 {IEEE/RSJ} International Conference on Intelligent Robots
               and Systems ({IROS})",
  author    = "Carlone, L and Rosen, D M and Calafiore, G and Leonard, J J and
               Dellaert, F",
  pages     = "125--132",
  year      =  2015,
  keywords  = "concave programming;iterative methods;probability;SLAM
               (robots);Lagrangian duality;3D SLAM inference
               problem;verification technique;simultaneous
               localization-and-mapping;iterative nonlinear optimization
               method;robot pose;Lagrangian dual problem;semidefinite
               program;guaranteed optimal SLAM solution;nonconvex
               optimization;Simultaneous localization and
               mapping;Optimization;Maximum likelihood
               estimation;Three-dimensional displays;Convergence;Standards",
  doi       = "10.1109/IROS.2015.7353364"
}

@INPROCEEDINGS{Forster2015-af,
  title       = "{IMU} preintegration on manifold for efficient visual-inertial
                 maximum-a-posteriori estimation",
  author      = "Forster, Christian and Carlone, Luca and Dellaert, Frank and
                 Scaramuzza, Davide",
  institution = "Georgia Institute of Technology",
  year        =  2015
}

@INPROCEEDINGS{Glocker7scenes, 
author={B. {Glocker} and S. {Izadi} and J. {Shotton} and A. {Criminisi}}, 
booktitle={2013 IEEE International Symposium on Mixed and Augmented Reality (ISMAR)}, 
title={Real-time RGB-D camera relocalization}, 
year={2013}, 
volume={}, 
number={}, 
pages={173-179}, 
doi={10.1109/ISMAR.2013.6671777}, 
ISSN={}, 
month={Oct},}

@INPROCEEDINGS{Brachmann2018-us,
  title     = "Learning less is more-6d camera localization via 3d surface
               regression",
  booktitle = "Proc. {CVPR}",
  author    = "Brachmann, Eric and Rother, Carsten",
  volume    =  8,
  year      =  2018
}

@inproceedings{he2016deep,
  title={Deep residual learning for image recognition},
  author={He, Kaiming and Zhang, Xiangyu and Ren, Shaoqing and Sun, Jian},
  booktitle={Proceedings of the IEEE conference on computer vision and pattern recognition},
  pages={770--778},
  year={2016}
}

@INPROCEEDINGS{Wang:2017,
	title     = "{DeepVO}: Towards end-to-end visual odometry with deep Recurrent
	Convolutional Neural Networks",
	booktitle = "2017 {IEEE} International Conference on Robotics and Automation
	({ICRA})",
	author    = "Wang, S and Clark, R and Wen, H and Trigoni, N",
	pages     = "2043--2050",
	month     =  may,
	year      =  2017,

}
@inproceedings{farneback2003,
  title={Two-frame motion estimation based on polynomial expansion},
  author={Farneb{\"a}ck, Gunnar},
  booktitle={Scandinavian conference on Image analysis},
  pages={363--370},
  year={2003},
  organization={Springer}
}


@INPROCEEDINGS{Zhou:2017,
	title     = "Unsupervised Learning of Depth and {Ego-Motion} from Video",
	booktitle = "2017 {IEEE} Conference on Computer Vision and Pattern
	Recognition ({CVPR})",
	author    = "Zhou, T and Brown, M and Snavely, N and Lowe, D G",
	pages     = "6612--6619",
	month     =  jul,
	year      =  2017,
}


@ARTICLE{Li:2017,
	title         = "{UnDeepVO}: Monocular Visual Odometry through Unsupervised
	Deep Learning",
	author        = "Li, Ruihao and Wang, Sen and Long, Zhiqiang and Gu, Dongbing",
	month         =  sep,
	year          =  2017,
	archivePrefix = "arXiv",
	primaryClass  = "cs.CV",
	eprint        = "1709.06841"
}

@article{julier2007using,
  title={Using covariance intersection for SLAM},
  author={Julier, Simon J and Uhlmann, Jeffrey K},
  journal={Robotics and Autonomous Systems},
  volume={55},
  number={1},
  pages={3--20},
  year={2007},
  publisher={Elsevier}
}

@inproceedings{brachmann2019ngransac,
  title={{N}eural- {G}uided {RANSAC}: {L}earning Where to Sample Model Hypotheses},
  author={Brachmann, Eric and Rother, Carsten},
  booktitle={ICCV},
  year={2019}
}
@article{richter2017safe,
  title={Safe visual navigation via deep learning and novelty detection},
  author={Richter, Charles and Roy, Nicholas},
  year={2017},
  publisher={Robotics: Science and Systems Foundation}
}