@ARTICLE{Leutenegger2015-fk,
  title   = "Keyframe-based visual--inertial odometry using nonlinear
             optimization",
  author  = "Leutenegger, Stefan and Lynen, Simon and Bosse, Michael and
             Siegwart, Roland and Furgale, Paul",
  journal = "Int. J. Robot. Res.",
  volume  =  34,
  number  =  3,
  pages   = "314--334",
  month   =  "1~" # mar,
  year    =  2015
}

@inproceedings{deng2009imagenet,
  title={Imagenet: A large-scale hierarchical image database},
  author={Deng, Jia and Dong, Wei and Socher, Richard and Li, Li-Jia and Li, Kai and Fei-Fei, Li},
  booktitle={Proc. {IEEE} Conf. Comput. Vision and Pattern Recognition, ({CVPR})},
  pages={248--255},
  year={2009}
}



@inproceedings{mcmanus2014,
  title={Scene Signatures: Localised and Point-less Features for Localisation},
  author={McManus, Colin and Upcroft, Ben and Newman, Paul},
  booktitle={Proc. Robotics: Science and Systems X},
  month     =  jul,
  year={2014}
}

@inproceedings{jia2014caffe,
  title={Caffe: Convolutional architecture for fast feature embedding},
  author={Jia, Yangqing and Shelhamer, Evan and Donahue, Jeff and Karayev, Sergey and Long, Jonathan and Girshick, Ross and Guadarrama, Sergio and Darrell, Trevor},
  booktitle={Proc. ACM Int. Conf. Multimedia ({MM})},
  pages={675--678},
  year={2014}
}

@inproceedings{zhou2014MITPlaces,
  title={Learning deep features for scene recognition using places database},
  author={Zhou, Bolei and Lapedriza, Agata and Xiao, Jianxiong and Torralba, Antonio and Oliva, Aude},
  booktitle={Advances in Neural Inform. Process. Syst. ({NIPS})},
  pages={487--495},
  year={2014}
}

@INPROCEEDINGS{Zhang2015-gf,
  title     = "Visual-lidar odometry and mapping: low-drift, robust, and fast",
  booktitle = "Proc. {IEEE} Int. Conf. Robot. Automat. ({ICRA})",
  author    = "Zhang, J and Singh, S",
  pages     = "2174--2181",
  month     =  may,
  year      =  2015
}


@INPROCEEDINGS{Gal2016-ny,
  title     = "Dropout as a Bayesian Approximation: Representing Model
               Uncertainty in Deep Learning",
  booktitle = "Proc. Int. Conf. Mach. Learning ({ICML})",
  author    = "Gal, Yarin and Ghahramani, Zoubin",
  pages     = "1050--1059",
  year      =  2016
}


@INPROCEEDINGS{Ma2016-at,
  title         = "Find your Way by Observing the Sun and Other Semantic Cues",
  booktitle = "Proc. {IEEE} Int. Conf. Robot. Automat. ({ICRA})",
  author        = "Ma, Wei-Chiu and Wang, Shenlong and Brubaker, Marcus A and
                   Fidler, Sanja and Urtasun, Raquel",
  month         =  "23~" # jun,
  year          =  2017
}


@INPROCEEDINGS{Cvisic2015-mt,
  title     = "Stereo odometry based on careful feature selection and tracking",
  booktitle = "Proc. European Conf. Mobile Robots ({ECMR)}",
  author    = "Cvi\v{s}i\'{c}, I and Petrovi\'{c}, I",
  pages     = "1--6",
  year      =  2015
 }

@online{ceres-solver,
 author = {Agarwal, Sameer and Mierle, Keir and others},
 title = {Ceres Solver},
 year = {2016}, 
 url = {http://ceres-solver.org},
 urldate = {2016-09-01}
}

@ARTICLE{Furgale2011-zu,
  title    = "Sun Sensor Navigation for Planetary Rovers: Theory and Field
              Testing",
  author   = "Furgale, P and Enright, J and Barfoot, T",
  journal  = "IEEE Trans. Aerosp. Electron. Syst.",
  volume   =  47,
  number   =  3,
  pages    = "1631--1647",
  month    =  jul,
  year     =  2011,
 }

@ARTICLE{Geiger2013-ky,
  title    = "Vision meets Robot.: The {KITTI} dataset",
  author   = "Geiger, A and Lenz, P and Stiller, C and Urtasun, R",
  journal  = "Int. J. Robot. Res.",
  volume   =  32,
  number   =  11,
  pages    = "1231--1237",
  month    =  "1~" # sep,
  year     =  2013
}

@INPROCEEDINGS{Eisenman2002-cg,
  title      = "Sun sensing on the Mars exploration rovers",
  booktitle  = "Aerosp. Conf. Proc.",
  author     = "Eisenman, A R and Liebe, C C and Perez, R",
   publisher  = "IEEE",
  volume     =  5,
  pages      = "5--2249--5--2262 vol.5",
  year       =  2002,
   conference = "Proc. IEEE Aerospace Conf."
}

@INPROCEEDINGS{Kelly2008-mh,
  title     = "Combined Visual and Inertial Navigation for an Unmanned Aerial
               Vehicle",
  booktitle = "Proc. Field and Service Robot. ({FSR})",
  author    = "Kelly, Jonathan and Saripalli, Srikanth and Sukhatme, Gaurav S",
  pages     = "255--264",
  year      =  2008
}

@INPROCEEDINGS{Engel2015-il,
  title           = "Large-scale direct {SLAM} with stereo cameras",
  booktitle       = "Proc. IEEE/RSJ Int. Conf. Intelligent Robots and Syst. (IROS)",
  author          = "Engel, Jakob and Stuckler, Jorg and Cremers, Daniel",
  pages           = "1935--1942",
  year            =  2015
}

@ARTICLE{Olson2003-ax,
  title    = "Rover navigation using stereo ego-motion",
  author   = "Olson, Clark F and Matthies, Larry H and Schoppers, Marcel and
              Maimone, Mark W",
    journal  = "Robot. Auton. Syst.",
  volume   =  43,
  number   =  4,
  pages    = "215--229",
  month    =  "30~" # jun,
  year     =  2003,
  keywords = "Robot navigation; Motion estimation; Stereo vision; Mars rovers"
}

@ARTICLE{Furgale2010-to,
  title     = "Visual teach and repeat for long-range rover autonomy",
  author    = "Furgale, Paul and Barfoot, Timothy D",
   journal   = "J. Field Robot.",
  publisher = "Wiley Subscription Services, Inc., A Wiley Company",
  volume    =  27,
  number    =  5,
  pages     = "534--560",
  month     =  "1~" # sep,
  year      =  2010
}

@ARTICLE{Maimone2007-tc,
  title     = "Two years of Visual Odometry on the Mars Exploration Rovers",
  author    = "Maimone, Mark and Cheng, Yang and Matthies, Larry",
  journal   = "J. Field Robot.",
  publisher = "Wiley Subscription Services, Inc., A Wiley Company",
  volume    =  24,
  number    =  3,
  pages     = "169--186",
  month     =  "1~" # mar,
  year      =  2007
}

@ARTICLE{Cheng2006-nl,
  title    = "Visual odometry on the Mars exploration rovers - a tool to ensure
              accurate driving and science imaging",
  author   = "Cheng, Yang and Maimone, M W and Matthies, L",
   journal  = "IEEE Robot. Automat. Mag.",
  volume   =  13,
  number   =  2,
  pages    = "54--62",
  month    =  jun,
  year     =  2006,
 }


@ARTICLE{Lalonde2011-jw,
  title     = "Estimating the Natural Illumination Conditions from a Single
               Outdoor Image",
  author    = "Lalonde, Jean-Fran\c{c}ois and Efros, Alexei A and Narasimhan,
               Srinivasa G",
  journal   = "Int. J. Comput. Vis.",
  publisher = "Springer US",
  volume    =  98,
  number    =  2,
  pages     = "123--145",
  month     =  "27~" # oct,
  year      =  2011
}



@BOOK{Barfoot2017-ri,
  title     = "State Estimation for Robotics",
  author    = "Barfoot, Timothy D",
  publisher = "Cambridge University Press",
  month     =  jul,
  year      =  2017
}

@ARTICLE{Engel2016-jo,
  title         = "Direct Sparse Odometry",
  author        = "Engel, Jakob and Koltun, Vladlen and Cremers, Daniel",
  month         =  "9~" # jul,
  year          =  2016,
  archivePrefix = "arXiv",
  primaryClass  = "cs.CV",
  eprint        = "1607.02565"
}


@INPROCEEDINGS{Szegedy2015-uw,
  title     = "Going deeper with convolutions",
  booktitle  ={Proc. {IEEE} Conf. Comput. Vision and Pattern Recognition, ({CVPR})},
  author    = "Szegedy, C and Liu, Wei and Jia, Yangqing and Sermanet, P and
               Reed, S and Anguelov, D and Erhan, D and Vanhoucke, V and
               Rabinovich, A",
  pages     = "1--9",
  month     =  jun,
  year      =  2015,
}

@INPROCEEDINGS{Kendall2016-zf,
  title     = "Modelling uncertainty in deep learning for camera relocalization",
  booktitle = "Proc. {IEEE} Int. Conf. Robot. Automat. ({ICRA})",
  author    = "Kendall, A and Cipolla, R",
  pages     = "4762--4769",
  month     =  may,
  year      =  2016,
 }
 
@PhdThesis{Gal2016UncertaintyThesis,
  title={Uncertainty in Deep Learning},
  author={Gal, Yarin},
  year={2016},
  school={University of Cambridge}
}

@inproceedings{Gal2016CNN,
Author = {Yarin Gal and Zoubin Ghahramani},
Title = {Bayesian Convolutional Neural Networks with {B}ernoulli Approximate Variational Inference},
Year = {2016},
booktitle = {Proc. Int. Conf. Learning Representations ({ICLR}), Workshop Track},
}


@ARTICLE{Furgale2012-kk,
  title   = "The Devon Island rover navigation dataset",
  author  = "Furgale, Paul and Carle, Pat and Enright, John and Barfoot,
             Timothy D",
  journal = "Int. J. Rob. Res.",
  volume  =  31,
  number  =  6,
  pages   = "707--713",
  month   =  "1~" # may,
  year    =  2012
}

@ARTICLE{Maddern2016-ng,
  title   = "1 year, 1000 km: The Oxford {RobotCar} dataset",
  author  = "Maddern, Will and Pascoe, Geoffrey and Linegar, Chris and Newman,
             Paul",
  journal = "Int. J. Rob. Res.",
  month   =  "29~" # nov,
  year    =  2016
}

@inproceedings{fisher1953dispersion,
 title={Dispersion on a sphere},
 author={Fisher, Ronald},
 booktitle={Proc. Royal Society of London A: Mathematical, Physical and Engineering Sciences},
 volume={217},
 number={1130},
 pages={295--305},
 year={1953},
 organization={The Royal Society}
}

@article{Srivastava_dropout_2014,
	title = {Dropout: {A} {Simple} {Way} to {Prevent} {Neural} {Networks} from {Overfitting}},
	volume = {15},
	url = {http://jmlr.org/papers/v15/srivastava14a.html},
	journal = {Journal of Machine Learning Research},
	author = {Srivastava, Nitish and Hinton, Geoffrey and Krizhevsky, Alex and Sutskever, Ilya and Salakhutdinov, Ruslan},
	year = {2014},
	pages = {1929--1958},
}

@article{kullback1951information,
  title={On information and sufficiency},
  author={Kullback, Solomon and Leibler, Richard A},
  journal={The annals of mathematical statistics},
  volume={22},
  number={1},
  pages={79--86},
  year={1951},
  publisher={JSTOR}
}